<?xml version="1.0" encoding="UTF-8"?>
<collection xmlns:xsi="http://www.w3.org/2001/XMLSchema-instance" xsi:schemaLocation="http://www.loc.gov/MARC21/slim http://www.loc.gov/standards/marcxml/schema/MARC21slim.xsd" xmlns="http://www.loc.gov/MARC21/slim">
<record>
  <leader>01226cam a2200217M  4500</leader>
  <controlfield tag="001">3181512</controlfield>
  <controlfield tag="003">NNC</controlfield>
  <controlfield tag="005">20140516141222.0</controlfield>
  <controlfield tag="008">890925m19281929sy            000 0 ara d</controlfield>
  <datafield tag="035" ind1=" " ind2=" ">
    <subfield code="9">AUC4546CU</subfield>
  </datafield>
  <datafield tag="035" ind1=" " ind2=" ">
    <subfield code="a">(OCoLC)ocm68140900</subfield>
  </datafield>
  <datafield tag="040" ind1=" " ind2=" ">
    <subfield code="a">EYM</subfield>
    <subfield code="c">EYM</subfield>
    <subfield code="d">OCLCG</subfield>
  </datafield>
  <datafield tag="035" ind1=" " ind2=" ">
    <subfield code="a">(OCoLC)68140900</subfield>
  </datafield>
  <datafield tag="049" ind1=" " ind2=" ">
    <subfield code="a">ZCUA</subfield>
  </datafield>
  <datafield tag="100" ind1="1" ind2=" ">
    <subfield code="a">Subkī, Taqī al-Dīn ʻAlī ibn ʻAbd al-Kāfī,</subfield>
    <subfield code="d">1284-1355.</subfield>
  </datafield>
  <datafield tag="245" ind1="1" ind2="3">
    <subfield code="a">al-Durrah al-muḍīyah fī al-radd ʻalá Ibn Taymīyah /</subfield>
    <subfield code="c">li-Taqī al-Dīn ʻAlī Ibn ʻAbd al-Kāfī al-Subkī ; wa-yalīhā min muṣannafātih fī al-radd ʻalá Ibn Taymīyah ayḍan : 1-naqd al-ijtimāʻ wa-al-iftarāq fī masāʼil al-īmān wal-ṭallāq ; 2-al-naẓr al-muḥaqqaq fī al-ḥilf bi-al-ṭallāq al-muʻallaq ; 3-al-iʻtibār bi-biqāʼ al-jannah wa-al-nār.</subfield>
  </datafield>
  <datafield tag="260" ind1=" " ind2=" ">
    <subfield code="a">Dimashq :</subfield>
    <subfield code="b">Maṭbaʻat al-Turqī,</subfield>
    <subfield code="c">[1928/29]</subfield>
  </datafield>
  <datafield tag="300" ind1=" " ind2=" ">
    <subfield code="a">80 p.</subfield>
    <subfield code="c">23 cm.</subfield>
  </datafield>
  <datafield tag="600" ind1="1" ind2="0">
    <subfield code="a">Ibn Taymīyah, Aḥmad ibn ʻAbd al-Ḥalīm,</subfield>
    <subfield code="d">1263-1328.</subfield>
  </datafield>
  <datafield tag="776" ind1="0" ind2="8">
    <subfield code="i">Online version:</subfield>
    <subfield code="a">Subkī, Taqī al-Dīn ʻAlī ibn ʻAbd al-Kāfī, 1284-1355.</subfield>
    <subfield code="t">Durrah al-muḍīyah fī al-radd ʻalá Ibn Taymīyah.</subfield>
    <subfield code="d">Dimashq : Maṭbaʻat al-Turqī, [1928/29]</subfield>
    <subfield code="w">(OCoLC)555532803</subfield>
  </datafield>
  <datafield tag="955" ind1=" " ind2=" ">
    <subfield code="b">CU58966285</subfield>
    <subfield code="d">off,glx</subfield>
    <subfield code="e">893.7Ib57 DS</subfield>
  </datafield>
</record>
</collection>